<?xml version="1.0" encoding="utf-8"?>
<record xmlns="http://www.loc.gov/MARC21/slim" xmlns:xsi="http://www.w3.org/2001/XMLSchema-instance" xsi:schemaLocation="http://www.loc.gov/MARC21/slim http://www.loc.gov/standards/marcxml/schema/MARC21slim.xsd">
	<leader>     nam a22     Mi 4500</leader>
	<controlfield tag="001">b12377466</controlfield>
	<controlfield tag="003">LeBAU</controlfield>
	<controlfield tag="006">m        d        </controlfield>
	<controlfield tag="007">cr cn |||m|||a</controlfield>
	<controlfield tag="008">200122s1955    le ach  ob    ||0 0 ara d</controlfield>
	<datafield ind1=" " ind2=" " tag="040">
		<subfield code="a">ZYU</subfield>
		<subfield code="b">ara</subfield>
		<subfield code="e">rda</subfield>
		<subfield code="c">ZYU</subfield>
	</datafield>
	<datafield ind1="0" ind2="4" tag="082">
		<subfield code="a">299.2</subfield>
		<subfield code="2">20</subfield>
	</datafield>
	<datafield ind1="1" ind2=" " tag="100">
		<subfield code="6">880-01</subfield>
		<subfield code="a">Ḥasanī, ʻAbd al-Razzāq,</subfield>
		<subfield code="e">author.</subfield>
	</datafield>
	<datafield ind1="1" ind2="3" tag="245">
		<subfield code="6">880-02</subfield>
		<subfield code="a">al-Ṣābiʼūn fī ḥāḍirihim wa-māḍīhim /</subfield>
		<subfield code="c">bi-qalam al-Sayyid ʻAbd al-Razzāq al-Ḥasanī.</subfield>
	</datafield>
	<datafield ind1=" " ind2="1" tag="264">
		<subfield code="6">880-03</subfield>
		<subfield code="a">Ṣaydā :</subfield>
		<subfield code="b">Mabṭaʻat al-ʻIrfān,</subfield>
		<subfield code="c">1374 H. = 1955 M.</subfield>
	</datafield>
	<datafield ind1=" " ind2=" " tag="300">
		<subfield code="6">880-04</subfield>
		<subfield code="a">online resource (128 pages) :</subfield>
		<subfield code="b">illustrations, portraits, facsimile</subfield>
	</datafield>
	<datafield ind1=" " ind2=" " tag="336">
		<subfield code="a">text</subfield>
		<subfield code="2">rdacontent</subfield>
	</datafield>
	<datafield ind1=" " ind2=" " tag="337">
		<subfield code="a">computer</subfield>
		<subfield code="2">rdamedia</subfield>
	</datafield>
	<datafield ind1=" " ind2=" " tag="338">
		<subfield code="a">online resource</subfield>
		<subfield code="2">rdacarrier</subfield>
	</datafield>
	<datafield ind1=" " ind2=" " tag="500">
		<subfield code="a">Part of the Arabic Collections Online (ACO) project, contributed by American University of Beirut's Jafet Memorial Library.</subfield>
	</datafield>
	<datafield ind1=" " ind2=" " tag="533">
		<subfield code="a">Electronic reproduction.</subfield>
		<subfield code="b">New York, N.Y. :</subfield>
		<subfield code="c">New York University,</subfield>
		<subfield code="d">2020.</subfield>
		<subfield code="5">NNU</subfield>
	</datafield>
	<datafield ind1=" " ind2="0" tag="650">
		<subfield code="6">880-05</subfield>
		<subfield code="a">Sabaeans</subfield>
		<subfield code="x">Religion.</subfield>
	</datafield>
	<datafield ind1=" " ind2="0" tag="650">
		<subfield code="6">880-06</subfield>
		<subfield code="a">Religious life</subfield>
		<subfield code="x">Sabaeans.</subfield>
	</datafield>
	<datafield ind1="2" ind2=" " tag="710">
		<subfield code="a">Jafet Memorial Library.</subfield>
	</datafield>
	<datafield ind1="0" ind2=" " tag="730">
		<subfield code="a">Arabic Collections Online.</subfield>
	</datafield>
	<datafield ind1="0" ind2=" " tag="775">
		<subfield code="6">880-07</subfield>
		<subfield code="i">has designation of edition</subfield>
		<subfield code="4">http://rdaregistry.info/Elements/m/P30133:</subfield>
		<subfield code="t">al-Ṣābiʼūn fī ḥāḍirihim wa-māḍīhim.</subfield>
		<subfield code="b">Ṭabʻah khāmisah muṣaḥḥaḥah wa-muwassaʻah.</subfield>
		<subfield code="d">[place of publication not identified] : [publisher not identified], 1398 H. = 1978 M.</subfield>
		<subfield code="w">(OCoLC)784289422</subfield>
		<subfield code="w">(OCoLC)784289402</subfield>
	</datafield>
	<datafield ind1="0" ind2=" " tag="775">
		<subfield code="6">880-08</subfield>
		<subfield code="i">has designation of edition</subfield>
		<subfield code="4">http://rdaregistry.info/Elements/m/P30133:</subfield>
		<subfield code="t">al-Ṣābiʼūn fī ḥāḍirihim wa-māḍīhim.</subfield>
		<subfield code="b">Ṭabʻah thālithah muṣaḥḥaḥah wa-munaqqaḥah.</subfield>
		<subfield code="d">Ṣaydā, Lubnān : Mabṭaʻat al-ʻIrfān, 1963</subfield>
		<subfield code="w">b12377570</subfield>
		<subfield code="w">(OCoLC)784289422</subfield>
	</datafield>
	<datafield ind1="0" ind2="8" tag="776">
		<subfield code="i">Print version:</subfield>
		<subfield code="a">Ḥasanī, ʻAbd al-Razzāq, author.</subfield>
		<subfield code="t">al-Ṣābiʼūn fī ḥāḍirihim wa-māḍīhim</subfield>
		<subfield code="w">(LeBAU)b12377466</subfield>
	</datafield>
	<datafield ind1="4" ind2="0" tag="856">
		<subfield code="u">http://hdl.handle.net/2333.1/6hdr8337</subfield>
	</datafield>
	<datafield ind1="1" ind2=" " tag="880">
		<subfield code="6">100-01</subfield>
		<subfield code="a">الحسني، عبد الرزاق،</subfield>
		<subfield code="e">مؤلف.</subfield>
		<subfield code="4">aut.</subfield>
	</datafield>
	<datafield ind1="1" ind2="2" tag="880">
		<subfield code="6">245-02</subfield>
		<subfield code="a">الصابئون في حاضرهم وماضيهم /</subfield>
		<subfield code="c">بقلم السيد عبد الرزاق الحسني.</subfield>
	</datafield>
	<datafield ind1=" " ind2="1" tag="880">
		<subfield code="6">264-03</subfield>
		<subfield code="a">صيدا :</subfield>
		<subfield code="b">مطبعة العرفان،</subfield>
		<subfield code="c">1374 هـ. = 1955 م.</subfield>
	</datafield>
	<datafield ind1=" " ind2=" " tag="880">
		<subfield code="6">300-04</subfield>
		<subfield code="a">128 صفحة :</subfield>
		<subfield code="b">مصورات، صور شخصانية، صورة طبق الأصل ؛</subfield>
		<subfield code="c">24 سم</subfield>
	</datafield>
	<datafield ind1=" " ind2=" " tag="880">
		<subfield code="6">500-00</subfield>
		<subfield code="a">&quot;تبحث هذه الرسالة في الصابئة قديماً وحديثاً وتتكلم على معتقداتهم الروحية وفرقهم الدينية وكتبهم المقدسة وعلى يحيى بن زكريا الذي ينتسبون إليه، وتضم بين دفتيها أدق المعلومات وأصدقها على طقوسهم الدينية وعاداتهم الإجتماعية وأعيادهم القومية وعدد نفوسهم ومساكنهم وصناعتهم والمحرمات عندهم.&quot;</subfield>
	</datafield>
	<datafield ind1=" " ind2=" " tag="880">
		<subfield code="6">504-00</subfield>
		<subfield code="a">يتضمن مراجع ببليوغرافية (صفحة [2])</subfield>
	</datafield>
	<datafield ind1=" " ind2="4" tag="880">
		<subfield code="6">650-05</subfield>
		<subfield code="a">الصابئة</subfield>
		<subfield code="x">ديانة.</subfield>
	</datafield>
	<datafield ind1=" " ind2="4" tag="880">
		<subfield code="6">650-06</subfield>
		<subfield code="a">الحياة الدينية</subfield>
		<subfield code="x">الصابئة.</subfield>
	</datafield>
	<datafield ind1="0" ind2=" " tag="880">
		<subfield code="6">775-07</subfield>
		<subfield code="i">دلالة على الطبعة</subfield>
		<subfield code="4">http://rdaregistry.info/Elements/m/P30133:</subfield>
		<subfield code="t">الصابئون في حاضرهم وماضيهم.</subfield>
		<subfield code="b">طبعة خامسة مصححة وموسعة.</subfield>
		<subfield code="d">[مكان النشر غير محدد] : [الناشر غير محدد]، 1398 هـ. = 1978 م.</subfield>
		<subfield code="w">b12377570</subfield>
		<subfield code="w">(OCoLC)784289422</subfield>
	</datafield>
	<datafield ind1="0" ind2=" " tag="880">
		<subfield code="6">775-08</subfield>
		<subfield code="i">دلالة على الطبعة</subfield>
		<subfield code="4">http://rdaregistry.info/Elements/m/P30133:</subfield>
		<subfield code="t">الصابئون في حاضرهم وماضيهم.</subfield>
		<subfield code="b">طبعة ثالثة مصححة ومنقحة.</subfield>
		<subfield code="d">صيدا، لبنان : مطبعة العرفان، 1963</subfield>
		<subfield code="w">b1237748x</subfield>
		<subfield code="w">(OCoLC)784289402</subfield>
	</datafield>
	<datafield ind1=" " ind2=" " tag="959">
		<subfield code="a">NNU</subfield>
		<subfield code="b">WEB</subfield>
		<subfield code="c">GENI</subfield>
		<subfield code="t">0</subfield>
		<subfield code="m">Electronic access</subfield>
		<subfield code="s">01</subfield>
	</datafield>
	<datafield ind1=" " ind2=" " tag="999">
		<subfield code="i">LeBAU_b12377466</subfield>
		<subfield code="s">aub_aco002491</subfield>
		<subfield code="e">(ERROR-MISC)</subfield>
		<subfield code="s">aub_aco002491</subfield>
	</datafield>
</record>
